@misc{AAU_Modules_P4,
    title        = {Design, definition and implementation of programming languages},
    organization = {Aalborg University},
    url          = {https://moduler.aau.dk/course/2022-2023/DSNDATB410},
    year         = {2022}
}

@misc{TimeSys2002,
    title={The concise handbook of real-time systems},
    url={https://course.ece.cmu.edu/~ece749/docs/RTSHandbook.pdf},
    journal={RTSHandbook},
    author={Corporation, TimeSys},
    year={2002}
}

@misc{Harder2018,
    title        = {A practical introduction to real-time systems for undergraduate engineering},
    author       = {Harder, Douglas Wilhelm and Zarnett, Jeff and Montaghami, Vajih and Giannikouris, Allyson},
    howpublished = {\url{https://ece.uwaterloo.ca/~dwharder/icsrts/Lecture_materials/A_practical_introduction_to_real-time_systems_for_undergraduate_engineering.pdf}},
    year         = {2018}
}

@book{BertolottiManduchi2012,
    title={Real-time embedded systems: Open-source operating systems perspective},
    publisher={CRC Press},
    author={Bertolotti, Ivan Cibrario. and Manduchi, Gabriele},
    year={2012}
}
 @book{Bryant2016,
    title={Computer Systems}, 
    publisher={Pearson}, 
    author={Bryant, Randal. and O'Hallaron, David}, 
    year={2016}
}

 @book{Sebesta2016,
    title={Concepts of programming languages}, 
    publisher={Pearson}, 
    author={Sebesta, Robert W.}, 
    year={2016}
}

@article{Restucia2022,
    title = {ARTe: Providing real-time multitasking to Arduino},
    journal = {Journal of Systems and Software},
    volume = {186},
    pages = {111185},
    year = {2022},
    issn = {0164-1212},
    doi = {https://doi.org/10.1016/j.jss.2021.111185},
    url = {https://www.sciencedirect.com/science/article/pii/S016412122100265X},
    author = {Francesco Restuccia and Marco Pagani and Agostino Mascitti and Michael Barrow and Mauro Marinoni and Alessandro Biondi and Giorgio Buttazzo and Ryan Kastner},
    keywords = {Real-time, Multi-tasking, Arduino, Educational},
}

@misc{JavaCC2021,
    title        = {JavaCC Github page},
    author       = {Community, JavaCC},
    howpublished = {\url{https://javacc.github.io/javacc/}},
    year         = {2021},
    note         = {Accessed: 21-03-2022},
}

@book{Huttel2010,
    place={Cambridge},
    title={Transitions and trees: An introduction to structural operational sematics},
    publisher={Cambridge University Press},
    author={H{\"u}ttel Hans},
    year={2011}
}

@misc{ANTLR_About,
    title={About ANTLR},
    author= {Parr Terence},
    url={https://www.antlr.org/about.html},
    year={2014}
}

@book{Parr2014,
    title={The Definitive ANTLR4 Reference},
    edition={2nd ed.},
    author={Parr Terence},
    publisher={Pragmatic Bookshelf},
    year={2014}
}

@misc{ANTLR_Documentation,
    title={ANTLR Documentation},
    author={Terence Parr},
    url={https://github.com/antlr/antlr4/blob/master/doc/index.md},
    note = {visited 21/03/2022}
}


@misc{ArduinoProtothreadsTutorial2019,
    title = {Arduino Protothreads [Tutorial]},
    year = {2019},
    howpublished = {\url{https://roboticsbackend.com/arduino-protothreads-tutorial/}},
    note = {visited 23/03/2022},
    organization = {The Robotics Back-End}
}


@BOOKLET{Madsen2010,
    author = {Lars Madsen},
    title = {Introduktion til {LaTeX}},
    year = {2010},
    howpublished = {\url{http://www.imf.au.dk/system/latex/bog/}}
 }
 
@MISC{Oetiker2010,
    author = {Tobias Oetiker},
    title = {The Not So Short Introduction to {LaTeX2e}},
    year = {2010},
    howpublished = {\url{http://tobi.oetiker.ch/lshort/lshort.pdf}}
 }
 
@BOOK{Mittelbach2005,
    author = {Frank Mittelbach},
    edition = {2. ed.},
    publisher = {Addison-Wesley},
    title = {The LATEX companion},
    year = {2005}
}

@book{10.5555/186897,
    author = {Gamma, Erich and Helm, Richard and Johnson, Ralph and Vlissides, John},
    title = {Design Patterns: Elements of Reusable Object-Oriented Software},
    year = {1995},
    isbn = {0201633612},
    publisher = {Addison-Wesley Longman Publishing Co., Inc.},
    address = {USA}
}

@book{10.5555/1076324,
    author = {Freeman, Elisabeth and Freeman, Eric and Bates, Bert and Sierra, Kathy},
    title = {Head First Design Patterns},
    year = {2004},
    isbn = {0596007124},
    publisher = {O' Reilly \& Associates, Inc.},
}


@misc{BriefDescriptionInformation,
    title = {A {{Brief Description}} - {{C}}++ {{Information}}},
    url = {https://www.cplusplus.com/info/description/},
    urldate = {2022-03-04}
}

@misc{copesIntroductionArduinoProgrammingCopes,
    title = {Introduction to the {{Arduino Programming Language}}},
    author = {Copes, Flavio},
    url = {https://flaviocopes.com/arduino-programming-language/},
    urldate = {2022-03-04},
    abstract = {How can you write programs for your Arduino board? Arduino, natively, supports a language that we call the Arduino Programming Language, or Arduino Language.},
    langid = {english}
}

@misc{EverythingYouNeed2018,
    title = {Everything You Need to Know About Arduino Code},
    url = {https://www.circuito.io/blog/arduino-code/},
    urldate = {2022-03-04},
    organization = {circuito.io blog}
}

@misc{Nongnuorg,
  organization = {Savannah nongnu},
  url          = {http://www.nongnu.org/avr-libc/user-manual/FAQ.html#faq_cplusplus},
  title        = {Can I use C++ on the AVR?},
  urldate      = {2022-04-13}
}

@misc{ArduinoSupportC,
  organization = {Arduino.cc},
  url          = {https://support.arduino.cc/hc/en-us/articles/360018448219-Can-I-program-the-Arduino-board-in-C-},
  title        = {Can I program the Arduino board in C?},
  urldate      = {2022-04-13}
}

@misc{WiringOrg,
    title        = {The Wiring Project},
    url          = {http://wiring.org.co/},
    urldate      = {2022-04-13},
    organization = {Wiring Project},
}

@misc{ATmega328P,
  author       = {Microchip Technology Inc.},
  howpublished = {\url{https://ww1.microchip.com/downloads/en/DeviceDoc/ATmega48A-PA-88A-PA-168A-PA-328-P-DS-DS40002061B.pdf}},
  title        = {megaAVR Data Sheet},
  urldate      = {2022-03-04},
}

@misc{ArduinoUno,
  organization = {Arduino.cc},
  url          = {https://www.arduino.cc/en/main/arduinoBoardUno},
  title        = {Arduino Uno and Arduino Genuino},
  urldate      = {2022-03-04},
}

@misc{WhatArduino,
    title = {What Is Arduino?},
    url = {https://www.arduino.cc/en/Guide/Introduction},
    urldate = {2022-03-04},
    organization = {Arduino.cc},
}

@online{WhatArduinoLearn,
    title = {What Is an Arduino? - Learn.Sparkfun.Com},
    url = {https://learn.sparkfun.com/tutorials/what-is-an-arduino/all#introduction},
    urldate = {2022-03-04},
}

@software{bartlettEventually2022Bartlett,
    title = {Eventually},
    author = {Bartlett, Jonathan},
    date = {2022-02-23T23:09:57Z},
    origdate = {2016-07-14T20:22:30Z},
    url = {https://github.com/johnnyb/Eventually},
    urldate = {2022-03-07},
    abstract = {A library for event-based programming to make Arduino programming more fun and intuitive}
}

@online{GettingStartedRealTime,
    title = {Getting {{Started}} with {{Real-Time Multi-Tasking}} in {{ARTe}}},
    url = {https://create.arduino.cc/projecthub/104900/getting-started-with-real-time-multi-tasking-in-arte-86494b},
    urldate = {2022-03-07},
    abstract = {Free and easy-to-use Real-Time Multi-Tasking extension for Arduino IDE based on ERIKA Real-Time Operating System By frestucc and TheNino.},
    langid = {english},
    organization = {{Arduino Project Hub}}
}

@online{FreeRTOSMarketLeading,
    title = {{{FreeRTOS}} - {{Market}} Leading {{RTOS}} ({{Real Time Operating System}}) for Embedded Systems with {{Internet}} of {{Things}} Extensions},
    url = {https://www.freertos.org/index.html},
    urldate = {2022-03-07},
    abstract = {Market-leading MIT licensed open source real-time operating system (RTOS) for microcontrollers and microprocessors. Includes IoT and general purpose libraries.},
    langid = {american},
    organization = {{FreeRTOS}}
}

@online{UsingFreeRTOSMultitasking,
    title = {Using {{FreeRTOS}} Multi-Tasking in {{Arduino}} - {{Arduino Project Hub}}},
    url = {https://create.arduino.cc/projecthub/feilipu/using-freertos-multi-tasking-in-arduino-ebc3cc},
    urldate = {2022-03-07}
}

@online{Top10Arduino2021,
    title = {Top 10 {{Arduino Uses}} of 2021},
    date = {2021-01-13T12:19:09+00:00},
    url = {https://all3dp.com/2/best-arduino-uses/},
    urldate = {2022-03-07},
    abstract = {Arduino microcontrollers are more versatile than you might think. Check out these 10 Arduino uses and projects to try at home!},
    langid = {english},
    organization = {{All3DP}}
}

@online{ArduinoUsedReal2018,
    title = {Is {{Arduino Used}} in {{Real Life Products}}?},
    date = {2018-12-09T09:04:20+00:00},
    url = {https://roboticsbackend.com/is-arduino-used-in-real-life-products/},
    urldate = {2022-03-07},
    abstract = {You may have already used an Arduino board, or you are thinking about whether you should use one or not. And you have this question in mind: is Arduino used in real-life products and applications? For example, is there any chance that the remote control of your TV has an embedded Arduino board, or your ... Read more},
    langid = {american},
    organization = {{The Robotics Back-End}}
}

@misc{cupParserGenerator,
    title        = {Cup 0.11b},
    author       = {C. Scott Ananian and Frank Flannery and Dan Wang and Andrew W. Appel and Michael Petter.},
    howpublished = {\url{http://www2.cs.tum.edu/projects/cup/index.php}},
    year         = {2022}
}

@misc{ArduinoLanguage,
  organization = {Arduino},
  url          = {https://www.arduino.cc/reference/en/},
  title        = {Arduino Language Reference},
  urldate      = {2022-04-13},
}

@misc{ARTEOverview,
    title        = {ARTe Overview},
    author       = {ReTiSLab},
    howpublished = {\url{http://arte.retis.santannapisa.it/index.html}},
    year         = {2022}
}

@misc{AdamDunkelProtothreads,
    tilte        = {Protothreads},
    author       = {Adam Dunkel},
    howpublished = {\url{http://dunkels.com/adam/pt/index.html}},
    year         = {2022},
    note         = {Accessed: 23/03/2022}
}

@misc{FreeRTOS-ex,
    title        = {Arduino FreeRTOS Tutorial - How to use FreeRTOS to Multi-tasking in Arduino},
    author       = {Seeed},
    howpublished = {\url{https://wiki.seeedstudio.com/Software-FreeRTOS/}},
    year         = {2022},
    note         = {Accessed: 23/03/2022}
}

@misc{Artin2020,
    title        = {Protothreads for Arduino},
    author       = {Ben Artin},
    howpublished = {\url{https://gitlab.com/airbornemint/arduino-protothreads}},
    year         = {2020},
    note         = {visited 24/03/2022}
}

@misc{AboutRTOS,
    title        = {About FreeRTOS Kernel},
    organization = {FreeRTOS},
    howpublished = {\url{https://www.freertos.org/RTOS.html}},
    note         = {visited 04/04/2022}
}

@misc{SchedulingRTOS,
    title        = {Scheduling Basics},
    organization = {FreeRTOS},
    howpublished = {\url{https://www.freertos.org/implementation/a00005.html}},
    note         = {visited 04/04/2022}
}

@misc{BadExample1,
  organization = {The Robotics Back-end},
  url          = {https://roboticsbackend.com/how-to-do-multitasking-with-arduino/#Why_multithreading_is_not_possible_on_Arduino},
  title        = {How To Do Multitasking With Arduino},
  urldate      = {2022-04-19}
}

@misc{BadExample2,
  author       = {Matthijs Kooijman},
  url          = {https://www.stderr.nl/Blog/Hardware/Electronics/Arduino/Sleeping.html},
  title        = {Interrupts, sleeping and race conditions on Arduino},
  urldate      = {2022-04-19}
}
